<?xml version="1.0" encoding="UTF-8"?><record xmlns="http://www.loc.gov/MARC21/slim" xmlns:cinclude="http://apache.org/cocoon/include/1.0" xmlns:zs="http://www.loc.gov/zing/srw/">
  <leader>00822cz  a2200193n  4500</leader>
  <controlfield tag="001">nr 98008880 </controlfield>
  <controlfield tag="003">DLC</controlfield>
  <controlfield tag="005">20081009081916.0</controlfield>
  <controlfield tag="008">980310n| acannaabn          |b aaa      </controlfield>
  <datafield tag="010" ind1=" " ind2=" ">
    <subfield code="a">nr 98008880 </subfield>
  </datafield>
  <datafield tag="035" ind1=" " ind2=" ">
    <subfield code="a">(OCoLC)oca04681717</subfield>
  </datafield>
  <datafield tag="040" ind1=" " ind2=" ">
    <subfield code="a">DLC-R</subfield>
    <subfield code="b">eng</subfield>
    <subfield code="c">DLC-R</subfield>
    <subfield code="d">OCoLC</subfield>
  </datafield>
  <datafield tag="100" ind1="1" ind2=" ">
    <subfield code="a">Kim, Su-nam,</subfield>
    <subfield code="d">1959-</subfield>
  </datafield>
  <datafield tag="400" ind1="1" ind2=" ">
    <subfield code="a">Kim, Soo Nam,</subfield>
    <subfield code="d">1959-</subfield>
  </datafield>
  <datafield tag="400" ind1="1" ind2=" ">
    <subfield code="a">김 수남,</subfield>
    <subfield code="d">1959-</subfield>
  </datafield>
  <datafield tag="400" ind1="1" ind2=" ">
    <subfield code="a">김수남,</subfield>
    <subfield code="d">1959-</subfield>
  </datafield>
  <datafield tag="667" ind1=" " ind2=" ">
    <subfield code="a">Machine-derived non-Latin script reference project.</subfield>
  </datafield>
  <datafield tag="667" ind1=" " ind2=" ">
    <subfield code="a">Non-Latin script references not evaluated.</subfield>
  </datafield>
  <datafield tag="670" ind1=" " ind2=" ">
    <subfield code="a">Wŏnsaek togam Hanʼguk ŭi nanchʻo, 1997:</subfield>
    <subfield code="b">t.p. (Kim Su-nam) p. 494, etc. (b. 1959 in Kyŏnggi Namyangju; grad., Inchʻŏn Kyodae; teacher, Kyŏnggi Changhyŏn Chʻodŭng Hakkyo; member, Hanʼguk Singmul Pullyu Hakhoe &amp; Hanʼguk Singmul Yŏnʼguhoe; Kim Soo Nam [in rom.])</subfield>
  </datafield>
</record>